<record><leader>00000cas a22000007a 4500</leader><controlfield tag="001">40904753</controlfield><controlfield tag="008">990304c19uu9999meumr ne      0    0eng d</controlfield><datafield ind1=" " ind2=" " tag="010"><subfield code="a">sn 99066513 </subfield></datafield><datafield ind1=" " ind2=" " tag="040"><subfield code="a">MBN</subfield><subfield code="b">eng</subfield><subfield code="c">MBN</subfield><subfield code="d">OCLCQ</subfield></datafield><datafield ind1=" " ind2=" " tag="042"><subfield code="a">msc</subfield></datafield><datafield ind1=" " ind2=" " tag="043"><subfield code="a">n-us-me</subfield></datafield><datafield ind1="0" ind2=" " tag="130"><subfield code="a">Country courier (North Turner, Me.)</subfield></datafield><datafield ind1="1" ind2="4" tag="245"><subfield code="a">The country courier.</subfield></datafield><datafield ind1=" " ind2=" " tag="260"><subfield code="a">North Turner, Me. :</subfield><subfield code="b">Turner Pub. Co.</subfield></datafield><datafield ind1=" " ind2=" " tag="300"><subfield code="a">v.</subfield></datafield><datafield ind1=" " ind2=" " tag="310"><subfield code="a">Monthly</subfield></datafield><datafield ind1=" " ind2=" " tag="588"><subfield code="a">Description based on: Vol. 4, no. 10 (Dec. 1996).</subfield></datafield><datafield ind1=" " ind2="0" tag="651"><subfield code="a">North Turner (Me.)</subfield><subfield code="v">Newspapers.</subfield></datafield><datafield ind1=" " ind2=" " tag="752"><subfield code="a">United States</subfield><subfield code="b">Maine</subfield><subfield code="c">Androscoggin</subfield><subfield code="d">North Turner.</subfield></datafield></record>